

@article{hatton2016,
  title={{60 million refugees - Refugees, asylum seekers, and policy in OECD countries}},
  author={Hatton, Timothy J},
  journal={The American Economic Review},
  volume={106},
  number={5},
  pages={441--445},
  year={2016},
  publisher={American Economic Association}
}


@article{Eurostat2015,
	title={Asylum applicants by citizenship till 2007 Annual data},
	author={Eurostat},
	year={2015},
	journal={Data retrieved from the website of Eurostat:},
	url={http://ec.europa.eu/eurostat/data/database},
}

@article{Eurostat2017a,
	title={First time asylum applicants by citizenship till December 2007 Monthly data (rounded)},
	author={Eurostat},
	year={2017a},
	journal={Data retrieved from the website of Eurostat:},
url={http://ec.europa.eu/eurostat/data/database},
}


@article{Eurostat2017b,
	title={Decisions on asylum applications by citizenship till 2007 Annual data (rounded)},
	author={Eurostat},
	year={2017b},
	journal={Data retrieved from the website of Eurostat:},
	url={http://ec.europa.eu/eurostat/data/database},
}

@article{Eurostat2017c,
	title={Decisions on asylum applications by citizenship till December 2007 Monthly data (rounded)},
	author={Eurostat},
	year={2017c},
	journal={Data retrieved from the website of Eurostat:},
	url={http://ec.europa.eu/eurostat/data/database},
}

@article{Eurostat2017d,
	title={First instance decisions on applications by citizenship, age and sex Annual aggregated data (rounded)},
	author={Eurostat},
	year={2017d},
	journal={Data retrieved from the website of Eurostat:},
	url={http://ec.europa.eu/eurostat/data/database},
}


@article{Eurostat2018a,
	title={	Asylum and first time asylum applicants by citizenship, age and sex Annual aggregated data (rounded)},
	author={Eurostat},
	year={2018a},
		journal={Data retrieved from the website of Eurostat:},
	url={http://ec.europa.eu/eurostat/data/database},
}


@article{Eurostat2018b,
	title={Asylum and first time asylum applicants by citizenship, age and sex Monthly data (rounded)},
	author={Eurostat},
	year={2018b},
	journal={Data retrieved from the website of Eurostat:},
	url={http://ec.europa.eu/eurostat/data/database},
}

@article{Eurostat2018c,
	title={First instance decisions on applications by citizenship, age and sex Quarterly data (rounded) },
	author={Eurostat},
	year={2018c},
	journal={Data retrieved from the website of Eurostat:},
	url={http://ec.europa.eu/eurostat/data/database},
}






@article{parlgov2016,
  title={{Parliaments and governments database (ParlGov): Information on parties, elections and cabinets in modern democracies. Development version}},
  author={D{\"o}ring, Holger and Manow, Philip},
  journal={University of Bremen},
  year={2016},
}

@article{PTS2016,
  title={The political terror scale 1976-2015},
  author={Gibney, Mark and Cornett, Linda and Wood, Reed and Haschke, Peter  and Arnon,  Daniel},
  journal={Data retrieved from the Political Terror Scale website: http://www.politicalterrorscale.org},
  year={2016},
}

@article{distance2017,
  title={Distance between capital cities},
  author={Gleditsch, Kristian Skrede},
  journal={Data retrieved from the website of Kristian Skrede Gleditsch: http://privatewww.essex.ac.uk/\textasciitilde{}ksg/data-5.html},
  year={2017},
}


@article{FHI2017,
  title={Freedom in the World},
  author={{Freedom House}},
  journal={Data retrieved from the Freedom House website: https://freedomhouse.org/report-types/freedom-world},
  year={2017},
}


@article{Uppsala2017,
  title={Uppsala conflict data program},
  author={{Uppsala University Department of Peace and Conflict Research}},
  journal={Data retrieved, from the Uppsala Conflict Data Program website: http://ucdp.uu.se/},
  year={2017},
}

@article{PWT2015,
  title={The next generation of the penn world table},
  author={Feenstra, Robert C. and Inklaar, Robert and Timmer, Marcel P.},
  journal={American Economic Review},
  volume={105},
  issue={10},
  pages={3150--3182},
  year={2015},
 }
 


