@article{dustmann2016,
  title={On the economics and politics of refugee migration},
  author={Dustmann, Christian and Fasani, Francesco and Frattini, Tommaso and Minale, Luigi and Sch{\"o}nberg, Uta},
  journal={CESifo Working Paper No.6111},
  year={2016},
}

@article{hatton2016,
  title={{60 million refugees - Refugees, asylum seekers, and policy in OECD countries}},
  author={Hatton, Timothy J},
  journal={The American Economic Review},
  volume={106},
  number={5},
  pages={441--445},
  year={2016},
  publisher={American Economic Association}
}

@article{moraga2014,
  title={Tradable immigration quotas},
  author={Moraga, Jes{\'u}s Fern{\'a}ndez-Huertas and Rapoport, Hillel},
  journal={Journal of Public Economics},
  volume={115},
  pages={94--108},
  year={2014},
  publisher={Elsevier}
}

@article{parlgov2016,
  title={{Parliaments and governments database (ParlGov): Information on parties, elections and cabinets in modern democracies. Development version}},
  author={D{\"o}ring, Holger and Manow, Philip},
  journal={University of Bremen},
  year={2016},
}

@article{PTS2016,
  title={The political terror scale 1976-2015},
  author={Gibney, Mark and Cornett, Linda and Wood, Reed and Haschke, Peter  and Arnon,  Daniel},
  journal={Data retrieved from the Political Terror Scale website: http://www.politicalterrorscale.org},
  year={2016},
}

@article{distance2017,
  title={Distance between capital cities},
  author={Gleditsch, Kristian Skrede},
  journal={Data retrieved from the website of Kristian Skrede Gleditsch: http://privatewww.essex.ac.uk/\textasciitilde{}ksg/data-5.html},
  year={2017},
}


@article{FHI2017,
  title={Freedom in the World},
  author={{Freedom House}},
  journal={Data retrieved from the Freedom House website: https://freedomhouse.org/report-types/freedom-world},
  year={2017},
}

@article{Economist2017,
  title={Keep them away},
  author={{The Economist}},
  journal={The Economist, June 24th, 2017},
  year={June 2017},
}

@article{Uppsala2017,
  title={Uppsala conflict data program},
  author={{Uppsala University Department of Peace and Conflict Research}},
  journal={Data retrieved, from the Uppsala Conflict Data Program website: http://ucdp.uu.se/},
  year={2017},
}

@article{PWT2015,
  title={The next generation of the penn world table},
  author={Feenstra, Robert C. and Inklaar, Robert and Timmer, Marcel P.},
  journal={American Economic Review},
  volume={105},
  issue={10},
  pages={3150--3182},
  year={2015},
 }
 
@article{Artucc2015,
  title={{A global assessment of human capital mobility: the role of non-OECD destinations}},
  author={Artu{\c{c}}, Erhan and Docquier, Fr{\'e}d{\'e}ric and {\"O}zden, {\c{C}}aglar and Parsons, Christopher},
  journal={World Development},
  volume={65},
  pages={6--26},
  year={2015},
}

@article{gorlach2017,
  title={{Refuge and refugee migration: How much of a pull factor are recognition rates?}},
  author={G{\"o}rlach, Joseph-Simon and Motz, Nicolas},
  year={2017},
 note = {Unpublished Manuscript}
}

@article{nor75,
  title={The political business cycle},
  author={Nordhaus, William D},
  journal={Review of Economic Studies},
  volume={42},
  number={2},
  pages={169--190},
  year={1975},
  publisher={JSTOR}
}

@article{czaika2009,
  title={The political economy of refugee migration},
  author={Czaika, Mathias},
  journal={Jahrb{\"u}cher f{\"u}r National{\"o}konomie und Statistik},
  volume={229},
  number={6},
  pages={803--824},
  year={2009}
}


@article{gudbrandsen2010,
  title={{Partisan influence on immigration: The case of Norway}},
  author={Gudbrandsen, Fr{\o}y},
  journal={Scandinavian Political Studies},
  volume={33},
  number={3},
  pages={248--270},
  year={2010},
  publisher={Wiley Online Library}
}

@article{holzer2000,
  title={{The impact of legislative deterrence measures on the number of asylum applications in Switzerland (1986-1995)}},
  author={Holzer, Thomas and Schneider, Gerald and Widmer, Thomas},
  journal={International Migration Review},
  volume={34},
  number={4},
  pages={1182--1216},
  year={2000},
  publisher={JSTOR}
}

@article{moore2007,
  title={{Whither will they go? A global study of refugeesâ€™ destinations, 1965--1995}},
  author={Moore, Will H and Shellman, Stephen M},
  journal={International Studies Quarterly},
  volume={51},
  number={4},
  pages={811--834},
  year={2007},
  publisher={Blackwell Publishing Ltd Oxford, UK}
}

@article{neumayer2004,
  title={{Asylum destination choice: what makes some West European countries more attractive than others?}},
  author={Neumayer, Eric},
  journal={European Union Politics},
  volume={5},
  number={2},
  pages={155--180},
  year={2004},
  publisher={Sage Publications}
}

@article{neumayer2005,
  title={{Bogus refugees? The determinants of asylum migration to Western Europe}},
  author={Neumayer, Eric},
  journal={International Studies Quarterly},
  volume={49},
  number={3},
  pages={389--409},
  year={2005},
  publisher={Blackwell Publishing Ltd Oxford, UK}
}

@article{hatton2009,
  title={{The rise and fall of asylum: What happened and why?}},
  author={Hatton, Timothy J},
  journal={The Economic Journal},
  volume={119},
  number={535},
  year={2009},
  publisher={Wiley Online Library},
  }

@article{hatton2015,
  title={{Applications for asylum in the developed world: Modelling asylum claims by origin and destination}},
  author={Hatton, Timothy J and Moloney, Joe},
  journal={CEPR Discussion Paper No. DP10678},
  year={2015},
  publisher={CEPR}
  }

@article{toshkov2014,
  title={The dynamic relationship between asylum applications and recognition rates in {Europe} (1987--2010)},
  author={Toshkov, Dimiter Doychinov},
  journal={European Union Politics},
  volume={15},
  number={2},
  pages={192--214},
  year={2014},
  publisher={Sage Publications Sage UK: London, England}
}
 